<record><leader>00000cas a2200000 a 4500</leader><controlfield tag="001">36384300</controlfield><controlfield tag="008">970213d190519uuoruwr ne      0    0eng c</controlfield><datafield ind1=" " ind2=" " tag="010"><subfield code="a">sn 96088471 </subfield></datafield><datafield ind1=" " ind2=" " tag="040"><subfield code="a">OCN</subfield><subfield code="b">eng</subfield><subfield code="c">OCN</subfield><subfield code="d">OCLCQ</subfield><subfield code="d">ORU</subfield><subfield code="d">OCLCQ</subfield><subfield code="d">OCLCF</subfield><subfield code="d">DLC</subfield><subfield code="d">OCLCO</subfield></datafield><datafield ind1=" " ind2=" " tag="042"><subfield code="a">pcc</subfield></datafield><datafield ind1=" " ind2=" " tag="043"><subfield code="a">n-us-or</subfield></datafield><datafield ind1="0" ind2="0" tag="245"><subfield code="a">Inland empire miner.</subfield></datafield><datafield ind1=" " ind2=" " tag="260"><subfield code="a">Baker City, Or. :</subfield><subfield code="b">Inland Empire Pub. Co.,</subfield><subfield code="c">1905-</subfield></datafield><datafield ind1=" " ind2=" " tag="300"><subfield code="a">v.</subfield></datafield><datafield ind1=" " ind2=" " tag="310"><subfield code="a">Weekly</subfield></datafield><datafield ind1="0" ind2=" " tag="362"><subfield code="a">Vol. 6, no. 34 (May 3, 1905)-</subfield></datafield><datafield ind1=" " ind2=" " tag="530"><subfield code="a">Also issued on microfilm from University of Oregon.</subfield></datafield><datafield ind1=" " ind2=" " tag="588"><subfield code="a">Latest issue consulted: Vol. 7, no. 16 (Jan. 3, 1906).</subfield></datafield><datafield ind1=" " ind2="0" tag="650"><subfield code="a">Mineral industries</subfield><subfield code="z">United States</subfield><subfield code="v">Newspapers.</subfield></datafield><datafield ind1=" " ind2="0" tag="651"><subfield code="a">Baker City (Or.)</subfield><subfield code="v">Newspapers.</subfield></datafield><datafield ind1=" " ind2="7" tag="650"><subfield code="a">Mineral industries.</subfield><subfield code="2">fast</subfield><subfield code="0">(OCoLC)fst01022218</subfield></datafield><datafield ind1=" " ind2="7" tag="651"><subfield code="a">Oregon</subfield><subfield code="z">Baker City.</subfield><subfield code="2">fast</subfield><subfield code="0">(OCoLC)fst01226322</subfield></datafield><datafield ind1=" " ind2="7" tag="651"><subfield code="a">United States.</subfield><subfield code="2">fast</subfield><subfield code="0">(OCoLC)fst01204155</subfield></datafield><datafield ind1=" " ind2="7" tag="655"><subfield code="a">Newspapers.</subfield><subfield code="2">fast</subfield><subfield code="0">(OCoLC)fst01423814</subfield></datafield><datafield ind1=" " ind2=" " tag="752"><subfield code="a">United States</subfield><subfield code="b">Oregon</subfield><subfield code="c">Baker</subfield><subfield code="d">Baker City.</subfield></datafield><datafield ind1="0" ind2="0" tag="780"><subfield code="t">Sumpter miner</subfield><subfield code="x">2333-1488</subfield><subfield code="w">(DLC)sn 96088466</subfield><subfield code="w">(OCoLC)36384292</subfield></datafield></record>